@article{doi,
author = {António Machiavelo and Rogério Reis},
title = {Automated Ciphertext — Only Cryptanalysis of the Bifid Cipher},
journal = {Cryptologia},
volume = {31},
number = {2},
pages = {112-124},
year  = {2007},
publisher = {Taylor & Francis},
doi = {10.1080/01611190601134222},
URL = {https://doi.org/10.1080/01611190601134222},
eprint = {https://doi.org/10.1080/01611190601134222}
}
